% References for initiative 000
@article{schaink2012scoping,
	title={A scoping review and thematic classification of patient complexity: offering a unifying framework},
	author={Schaink, Alexis K and Kuluski, Kerry and Lyons, Ren{\'e}e F and Fortin, Martin and Jadad, Alejandro R and Upshur, Ross and Wodchis, Walter P},
	journal={Journal of comorbidity},
	volume={2},
	number={1},
	pages={1--9},
	year={2012},
	publisher={SAGE Publications Sage UK: London, England}
}


@misc{cmsdash,
author = {CMS.gov}, 
title={Medicare Chronic Conditions Dashboard}, 
url={https://www.cms.gov/Research-Statistics-Data-and-Systems/Statistics-Trends-and-Reports/Chronic-Conditions/CCDashboard}, 
journal={CMS.gov},
year = {2017}
}

@article{violan2014prevalence,
	title={Prevalence, determinants and patterns of multimorbidity in primary care: a systematic review of observational studies},
	author={Violan, Concepci{\'o} and Foguet-Boreu, Quint{\'i} and Flores-Mateo, Gemma and Salisbury, Chris and Blom, Jeanet and Freitag, Michael and Glynn, Liam and Muth, Christiane and Valderas, Jose M},
	journal={PloS one},
	volume={9},
	number={7},
	pages={e102149},
	year={2014},
	publisher={Public Library of Science}
}
